<record><leader>00000cas a22000007a 4500</leader><controlfield tag="001">16067076</controlfield><controlfield tag="008">870624c18819999iauwr ne      0    0eng d</controlfield><datafield ind1=" " ind2=" " tag="010"><subfield code="a">sn 87058392 </subfield></datafield><datafield ind1=" " ind2=" " tag="040"><subfield code="a">INP</subfield><subfield code="b">eng</subfield><subfield code="c">INP</subfield><subfield code="d">OCLCQ</subfield></datafield><datafield ind1=" " ind2=" " tag="042"><subfield code="a">msc</subfield></datafield><datafield ind1="0" ind2=" " tag="130"><subfield code="a">Sumner gazette (Sumner, Iowa)</subfield></datafield><datafield ind1="1" ind2="4" tag="245"><subfield code="a">The Sumner gazette.</subfield></datafield><datafield ind1=" " ind2=" " tag="260"><subfield code="a">Sumner, Bremer County, Iowa :</subfield><subfield code="b">E.H. Yarger,</subfield><subfield code="c">1881-</subfield></datafield><datafield ind1=" " ind2=" " tag="300"><subfield code="a">v.</subfield></datafield><datafield ind1=" " ind2=" " tag="310"><subfield code="a">Weekly</subfield></datafield><datafield ind1="0" ind2=" " tag="362"><subfield code="a">Vol. 1, no. 1 (Jan. 5, 1881)-</subfield></datafield><datafield ind1=" " ind2=" " tag="500"><subfield code="a">Publisher varies.</subfield></datafield><datafield ind1=" " ind2=" " tag="752"><subfield code="a">United States</subfield><subfield code="b">Iowa</subfield><subfield code="c">Bremer</subfield><subfield code="d">Sumner.</subfield></datafield><datafield ind1="0" ind2="5" tag="780"><subfield code="t">Sumner herald</subfield><subfield code="w">(DLC)sn 87058393</subfield></datafield><datafield ind1="0" ind2="5" tag="780"><subfield code="t">Westgate herald</subfield><subfield code="w">(DLC)sn 87058391</subfield></datafield></record>